% =============================================
% Online Trackers
% =============================================

@book{lavalle2006planning,
  title={Planning algorithms},
  author={LaValle, Steven M},
  year={2006},
  publisher={Cambridge university press}
}

@article{holz2013towards,
  title={Towards multimodal omnidirectional obstacle detection for autonomous unmanned aerial vehicles},
  author={Holz, Dirk and Nieuwenhuisen, Matthias and Droeschel, David and Schreiber, Michael and Behnke, Sven},
  journal={The International Archives of Photogrammetry, Remote Sensing and Spatial Information Science XL-1 W},
  volume={2},
  pages={201--206},
  year={2013},
  publisher={Citeseer}
}

@inproceedings{gritti2014kinect,
  title={Kinect-based people detection and tracking from small-footprint ground robots},
  author={Gritti, Armando Pesenti and Tarabini, Oscar and Guzzi, Jerome and Di Caro, Gianni and Caglioti, Vincenzo and Gambardella, Luca M and Giusti, Alessandro and others},
  booktitle={Intelligent Robots and Systems (IROS 2014), 2014 IEEE/RSJ International Conference on},
  pages={4096--4103},
  year={2014},
  organization={IEEE}
}

@article{balkcom2002time,
  title={Time optimal trajectories for bounded velocity differential drive vehicles},
  author={Balkcom, Devin J and Mason, Matthew T},
  journal={The International Journal of Robotics Research},
  volume={21},
  number={3},
  pages={199--217},
  year={2002},
  publisher={SAGE Publications}
}

@inproceedings{fiorini1996time,
  title={Time optimal trajectory planning in dynamic environments},
  author={Fiorini, Paolo and Shiller, Zvi},
  booktitle={Robotics and Automation, 1996. Proceedings., 1996 IEEE International Conference on},
  volume={2},
  pages={1553--1558},
  year={1996},
  organization={IEEE}
}

@article{fehr2000adequacy,
  title={Adequacy of power wheelchair control i terfaces for persons with severe disabilities: A clinical survey},
  author={Fehr, Linda and Langbein, W Edwin and Skaar, Steven B},
  journal={Journal of rehabilitation research and development},
  volume={37},
  number={3},
  pages={353--360},
  year={2000}
}

@article{simpson2008many,
  title={How many people would benefit from a smart wheelchair?},
  author={Simpson, Richard C and LoPresti, Edmund F and Cooper, Rory A}
  booktitle={Journal of Rehabilitation Research and Development}
  volume={45},
  number={1},
  pages={53--71},
  year={2008},
}
